<?xml version="1.0" encoding="UTF-8"?><record xmlns="http://www.loc.gov/MARC21/slim" xmlns:cinclude="http://apache.org/cocoon/include/1.0" xmlns:zs="http://www.loc.gov/zing/srw/">
  <leader>00626nz  a2200145n  4500</leader>
  <controlfield tag="001">no2010186760</controlfield>
  <controlfield tag="003">DLC</controlfield>
  <controlfield tag="005">20101118091844.0</controlfield>
  <controlfield tag="008">101116n| acannaabn          |n aaa     c</controlfield>
  <datafield tag="010" ind1=" " ind2=" ">
    <subfield code="a">no2010186760</subfield>
  </datafield>
  <datafield tag="035" ind1=" " ind2=" ">
    <subfield code="a">(OCoLC)oca08688601</subfield>
  </datafield>
  <datafield tag="040" ind1=" " ind2=" ">
    <subfield code="a">MiFliG</subfield>
    <subfield code="b">eng</subfield>
    <subfield code="c">MiFliG</subfield>
  </datafield>
  <datafield tag="100" ind1="1" ind2=" ">
    <subfield code="a">LeCroy, R. C.</subfield>
  </datafield>
  <datafield tag="670" ind1=" " ind2=" ">
    <subfield code="a">The solution of temperature development in the entrance region of an MHD channel by the B. G. Galerkin method, 1968:</subfield>
    <subfield code="b">cover (R.C. LeCroy, Senior Operations Analyst, Advanced Studies Division, Lockheed-Georgia Co., Marietta, Ga.)</subfield>
  </datafield>
  <datafield tag="670" ind1=" " ind2=" ">
    <subfield code="a">OCLC, Nov. 16, 2010</subfield>
    <subfield code="b">(hdg.: LeCroy, R. C.; LeCroy, Roy Clifford; usage: R. C. LeCroy)</subfield>
  </datafield>
</record>